@inproceedings{mintz09,
  author = {Mike Mintz and Steven Bills and Rion Snow and Dan Jurafsky},
  year = {2009},
  title = {Distant supervision for relation extraction without labeled data},
  booktitle = {Proceedings of ACL-IJCNLP 2009},
  url = {pubs/mintz09.pdf}
}

@inproceedings{McIntosh10,
 author = {McIntosh, Tara},
 title = {Unsupervised discovery of negative categories in lexicon bootstrapping},
 booktitle = {Proceedings of the 2010 Conference on Empirical Methods in Natural Language Processing},
 series = {EMNLP '10},
 year = {2010},
} 

@article{Weld09,
 author = {Weld, Daniel S. and Hoffmann, Raphael and Wu, Fei},
 title = {Using Wikipedia to bootstrap open information extraction},
 journal = {SIGMOD Rec.},
 year = {2009},
} 

@inproceedings{Carlson10,
 author = {Carlson, Andrew and Betteridge, Justin and Wang, Richard C. and Hruschka,Jr., Estevam R. and Mitchell, Tom M.},
 title = {Coupled semi-supervised learning for information extraction},
 booktitle = {Proceedings of the third ACM international conference on Web search and data mining},
 series = {WSDM '10},
 year = {2010},
} 

@conference{talukdar10,
      title={{Experiments in graph-based semi-supervised learning methods for class-instance acquisition}},
      author={Talukdar, Partha Pratim and Pereira, Fernando},
      booktitle={Proceedings of the 48th Annual Meeting of the Association for Computational Linguistics},
      pages={1473--1481},
      year={2010},
      organization={Association for Computational Linguistics}
}

@inproceedings{Agichtein01,
  author    = {Eugene Agichtein and
               Luis Gravano and
               Jeff Pavel and
               Viktoriya Sokolova and
               Aleksandr Voskoboynik},
  title     = {Snowball: A Prototype System for Extracting Relations from
               Large Text Collections},
  booktitle = {SIGMOD Conference},
  year      = {2001},
}

@inproceedings{Ritter11,
  author    = {Alan Ritter and
               Sam Clark and
               Mausam and
               Oren Etzioni},
  title     = {Named Entity Recognition in Tweets: An Experimental Study},
  booktitle = {EMNLP},
  year      = {2011},
  pages     = {1524-1534},
}

@inproceedings{Hoffmann11,
 author = {Hoffmann, Raphael and Zhang, Congle and Ling, Xiao and Zettlemoyer, Luke and Weld, Daniel S.},
 title = {Knowledge-based weak supervision for information extraction of overlapping relations},
 booktitle = {ACL},
 year = {2011},
} 

@article{Schafer02, 
title={Missing data: our view of the state of the art.},
volume={7}, 
journal={Psychological Methods}, 
publisher={American Psychological Association}, 
author={Schafer, Joseph L and Graham, John W}, year={2002}, pages={147--177}
}